@INPROCEEDINGS{hyperloglog,
    author = {Philippe Flajolet and Éric Fusy and Olivier Gandouet and et al.},
    title = {Hyperloglog: The analysis of a near-optimal cardinality estimation algorithm},
    booktitle = {IN AOFA ’07: Proceedings of the 2007 international conference on analysis of algorithms},
    year = {2007},
    publisher = {}
}


@MISC {165994,
    TITLE = {Average number of times it takes for something to happen given a chance},
    AUTHOR = {Andr&#233; Nicolas (http://math.stackexchange.com/users/6312/andré-nicolas )},
    HOWPUBLISHED = {Mathematics Stack Exchange},
    NOTE = {URL:http://math.stackexchange.com/q/165994 (version: 2012-07-03)},
    EPRINT = {http://math.stackexchange.com/q/165994},
    URL = {http://math.stackexchange.com/q/165994}
}


@MISC{webgraph,
  TITLE = {WebGraph},
  author = {Vigna, S.},
  note = {[Online]. Available: http://webgraph.di.unimi.it/. [Accessed: 2016-03-29]}
}

@inproceedings{webgraph-compression,
 author = {Boldi, P. and Vigna, S.},
 title = {The Webgraph Framework I: Compression Techniques},
 booktitle = {Proceedings of the 13th International Conference on World Wide Web},
 series = {WWW '04},
 year = {2004},
 isbn = {1-58113-844-X},
 location = {New York, NY, USA},
 pages = {595--602},
 numpages = {8},
 url = {http://doi.acm.org.proxy.lib.chalmers.se/10.1145/988672.988752},
 doi = {10.1145/988672.988752},
 acmid = {988752},
 publisher = {ACM},
 address = {New York, NY, USA},
 keywords = {compression, web graph},
} 


@inproceedings{hyperball,
 author = {Boldi, P. and Vigna, S.},
 title = {In-Core Computation of Geometric Centralities with HyperBall: A Hundred Billion Nodes and Beyond},
 booktitle = {Data Mining Workshops (ICDMW), 2013 IEEE 13th International Conference on},
 year = {2013},
 isbn = {978-1-4799-3143-9},
 location = {Dallas, TX, USA},
 pages = {621--628},
 numpages = {7},
 url = {http://ieeexplore.ieee.org.proxy.lib.chalmers.se/xpl/articleDetails.jsp?arnumber=6753978&tag=1},
 doi = {10.1109/ICDMW.2013.10},
 publisher = {IEEE},
 address = {Dallas, TX, USA}
} 


@article{hyperanf,
  author    = {Paolo Boldi and
               Marco Rosa and
               Sebastiano Vigna},
  title     = {HyperANF: Approximating the Neighbourhood Function of Very Large Graphs
               on a Budget},
  journal   = {CoRR},
  volume    = {abs/1011.5599},
  year      = {2010},
  url       = {http://arxiv.org/abs/1011.5599},
  timestamp = {Mon, 05 Dec 2011 18:05:32 +0100},
  biburl    = {http://dblp.uni-trier.de/rec/bib/journals/corr/abs-1011-5599},
  bibsource = {dblp computer science bibliography, http://dblp.org}
}

@inproceedings{anf,
 author = {Palmer, Christopher R. and Gibbons, Phillip B. and Faloutsos, Christos},
 title = {ANF: A Fast and Scalable Tool for Data Mining in Massive Graphs},
 booktitle = {Proceedings of the Eighth ACM SIGKDD International Conference on Knowledge Discovery and Data Mining},
 series = {KDD '02},
 year = {2002},
 isbn = {1-58113-567-X},
 location = {Edmonton, Alberta, Canada},
 pages = {81--90},
 numpages = {10},
 url = {http://doi.acm.org.proxy.lib.chalmers.se/10.1145/775047.775059},
 doi = {10.1145/775047.775059},
 acmid = {775059},
 publisher = {ACM},
 address = {New York, NY, USA}
} 

@inproceedings{llp,
 author = {Boldi, Paolo and Rosa, Marco and Santini, Massimo and Vigna, Sebastiano},
 title = {Layered Label Propagation: A Multiresolution Coordinate-free Ordering for Compressing Social Networks},
 booktitle = {Proceedings of the 20th International Conference on World Wide Web},
 series = {WWW '11},
 year = {2011},
 isbn = {978-1-4503-0632-4},
 location = {Hyderabad, India},
 pages = {587--596},
 numpages = {10},
 url = {http://doi.acm.org/10.1145/1963405.1963488},
 doi = {10.1145/1963405.1963488},
 acmid = {1963488},
 publisher = {ACM},
 address = {New York, NY, USA},
 keywords = {graph clustering, graph compression, social networks, web graphs},
} 

@inproceedings{nearopt,
 author = {Chassaing, Philippe and Gérin, Lucas},
 title = {Efficient  estimation  of  the  cardinality  of  large  data  sets},
 booktitle = {Proceedings  of  the  4th  Colloquium  on  Mathematics  and  Computer  Science},
 year = {2006},
 location = {Nancy, France},
 pages = {419--422},
 numpages = {4},
 url = {Full  paper available  at http://arxiv.org/abs/math.ST/0701347},
} 


@article{msbfs,
 author = {Then, Manuel and Kaufmann, Moritz and Chirigati, Fernando and Hoang-Vu, Tuan-Anh and Pham, Kien and Kemper, Alfons and Neumann, Thomas and Vo, Huy T.},
 title = {The More the Merrier: Efficient Multi-source Graph Traversal},
 journal = {Proc. VLDB Endow.},
 issue_date = {December 2014},
 volume = {8},
 number = {4},
 month = dec,
 year = {2014},
 issn = {2150-8097},
 pages = {449--460},
 numpages = {12},
 url = {http://dx.doi.org/10.14778/2735496.2735507},
 doi = {10.14778/2735496.2735507},
 acmid = {2735507},
 publisher = {VLDB Endowment},
} 

@inproceedings{2eappdynvc,
 author = {Bhattacharya, Sayan and Henzinger, Monika and Italiano, Giuseppe F.},
 title = {Deterministic Fully Dynamic Data Structures for Vertex Cover and Matching},
 booktitle = {Proceedings of the Twenty-Sixth Annual ACM-SIAM Symposium on Discrete Algorithms},
 series = {SODA '15},
 year = {2015},
 location = {San Diego, California},
 pages = {785--804},
 numpages = {20},
 url = {http://dl.acm.org/citation.cfm?id=2722129.2722183},
 acmid = {2722183},
 publisher = {SIAM},
} 

@inproceedings{2appdynvc,
 author = {Ivkovic, Zoran and Lloyd, Errol L.},
 title = {Fully Dynamic Maintenance of Vertex Cover},
 booktitle = {Proceedings of the 19th International Workshop on Graph-Theoretic Concepts in Computer Science},
 series = {WG '93},
 year = {1994},
 isbn = {3-540-57899-4},
 pages = {99--111},
 numpages = {13},
 url = {http://dl.acm.org/citation.cfm?id=647674.731515},
 acmid = {731515},
 publisher = {Springer-Verlag},
 address = {London, UK, UK},
} 

@incollection{Kar72,
  added-at = {2006-11-06T22:06:28.000+0100},
  author = {Karp, R.},
  biburl = {http://www.bibsonomy.org/bibtex/21fa7a672ce72ed916311dc52e5a93038/lysander07},
  booktitle = {Complexity of Computer Computations},
  editor = {Miller, R. and Thatcher, J.},
  interhash = {427e5bfc8069f94f57c5d43b6fd85949},
  intrahash = {1fa7a672ce72ed916311dc52e5a93038},
  keywords = {imported XMLTage2006-2},
  pages = {85--103},
  publisher = {Plenum Press},
  timestamp = {2009-01-27T15:24:50.000+0100},
  title = {Reducibility among combinatorial problems},
  year = 1972
}

@article{2appdynvclogn,
  author    = {Surender Baswana and
               Manoj Gupta and
               Sandeep Sen},
  title     = {Fully dynamic maximal matching in O(log n) update time},
  journal   = {CoRR},
  volume    = {abs/1103.1109},
  year      = {2011},
  url       = {http://arxiv.org/abs/1103.1109},
  timestamp = {Mon, 05 Dec 2011 18:05:01 +0100},
  biburl    = {http://dblp.uni-trier.de/rec/bib/journals/corr/abs-1103-1109},
  bibsource = {dblp computer science bibliography, http://dblp.org}
}

@article{2-evchard,
 author = {Khot, Subhash and Regev, Oded},
 title = {Vertex Cover Might Be Hard to Approximate to Within 2-{$\epsilon$}},
 journal = {J. Comput. Syst. Sci.},
 issue_date = {May, 2008},
 volume = {74},
 number = {3},
 month = may,
 year = {2008},
 issn = {0022-0000},
 pages = {335--349},
 numpages = {15},
 url = {http://dx.doi.org/10.1016/j.jcss.2007.06.019},
 doi = {10.1016/j.jcss.2007.06.019},
 acmid = {1332256},
 publisher = {Academic Press, Inc.},
 address = {Orlando, FL, USA},
 keywords = {Hardness of approximation, Unique games conjecture, Vertex cover},
} 

@MISC{dynamicarrays,
  TITLE = {Array Resizing},
  author = {Douglas Wilhelm Harder},
  note = {[Online]. Available: https://ece.uwaterloo.ca/ $\sim$dwharder/aads/Algorithms/Array\_resizing/. [Accessed: 2016-03-04]}
}

@TECHREPORT{Palmer01,
    author = {Christopher R. Palmer and Phillip B. Gibbons and Christos Faloutsos},
    title = {A fast approximation of the neighbourhood function for massive graphs},
    institution = {f},
    year = {2001}
}



@misc{in-2004,
  title = {In-2004 Graph},
  howpublished = {\url{http://law.di.unimi.it/webdata/in-2004/}},
  note = {Accessed: 2016-04-12}
}


@misc{it-2004,
  title = {It-2004 Graph},
  howpublished = {\url{http://law.di.unimi.it/webdata/it-2004/}},
  note = {Accessed: 2016-04-12}
}

@misc{uk@100000,
  title = {uk-2007-05@100000 Graph},
  howpublished = {\url{http://law.di.unimi.it/webdata/uk-2007-05@100000/}},
  note = {Accessed: 2016-05-16}
}

@misc{giraph,
  title = {Apache Giraph},
  howpublished = {\url{http://giraph.apache.org/}},
  note = {Accessed: 2016-05-23}
}

@inproceedings{pregel,
 author = {Malewicz, Grzegorz and Austern, Matthew H. and Bik, Aart J.C and Dehnert, James C. and Horn, Ilan and Leiser, Naty and Czajkowski, Grzegorz},
 title = {Pregel: A System for Large-scale Graph Processing},
 booktitle = {Proceedings of the 2010 ACM SIGMOD International Conference on Management of Data},
 series = {SIGMOD '10},
 year = {2010},
 isbn = {978-1-4503-0032-2},
 location = {Indianapolis, Indiana, USA},
 pages = {135--146},
 numpages = {12},
 url = {http://doi.acm.org/10.1145/1807167.1807184},
 doi = {10.1145/1807167.1807184},
 acmid = {1807184},
 publisher = {ACM},
 address = {New York, NY, USA},
 keywords = {distributed computing, graph algorigthms},
} 

@inproceedings{optimal_cardinality,
 author = {Kane, Daniel M. and Nelson, Jelani and Woodruff, David P.},
 title = {An Optimal Algorithm for the Distinct Elements Problem},
 booktitle = {Proceedings of the Twenty-ninth ACM SIGMOD-SIGACT-SIGART Symposium on Principles of Database Systems},
 series = {PODS '10},
 year = {2010},
 isbn = {978-1-4503-0033-9},
 location = {Indianapolis, Indiana, USA},
 pages = {41--52},
 numpages = {12},
 url = {http://doi.acm.org.proxy.lib.chalmers.se/10.1145/1807085.1807094},
 doi = {10.1145/1807085.1807094},
 acmid = {1807094},
 publisher = {ACM},
 address = {New York, NY, USA},
 keywords = {data mining, distinct elements, query optimization, streaming},
} 

@inproceedings{google_hyperloglog,
title = {HyperLogLog in Practice: Algorithmic Engineering of a State of The Art Cardinality Estimation Algorithm},
author  = {Stefan Heule and Marc Nunkesser and Alex Hall},
year  = 2013,
booktitle = {Proceedings of the EDBT 2013 Conference},
address = {Genoa, Italy}
}